<?xml version="1.0" encoding="UTF-8" ?>
<collection xmlns:xsi="http://www.w3.org/2001/XMLSchema-instance"
    xsi:schemaLocation="http://www.loc.gov/MARC21/slim
        http://www.loc.gov/standards/marcxml/schema/MARC21slim.xsd"
    xmlns="http://www.loc.gov/MARC21/slim">
<record>
  <leader>00322cam a2200649 ia4500</leader>
  <controlfield tag="001">b12480186</controlfield>
  <controlfield tag="003">LeBAU</controlfield>
  <controlfield tag="005">20140519</controlfield>
  <controlfield tag="008">970607m19061913ua            ||0 0 ara d</controlfield>
  <datafield tag="035" ind1=" " ind2=" ">
    <subfield code="a">ocn784339212</subfield>
  </datafield>
  <datafield tag="040" ind1=" " ind2=" ">
    <subfield code="a">LEAUB</subfield>
    <subfield code="b">ara</subfield>
    <subfield code="e">rda</subfield>
    <subfield code="c">LEAUB</subfield>
    <subfield code="d">LEAUB</subfield>
  </datafield>
  <datafield tag="082" ind1="0" ind2="4">
    <subfield code="a">349.297</subfield>
    <subfield code="2">20</subfield>
  </datafield>
  <datafield tag="100" ind1="1" ind2=" ">
    <subfield code="6">880-01</subfield>
    <subfield code="a">Sarakhsī, Muḥammad ibn Aḥmad,</subfield>
    <subfield code="d">active 11th century,</subfield>
    <subfield code="e">author.</subfield>
  </datafield>
  <datafield tag="245" ind1="1" ind2="0">
    <subfield code="6">880-02</subfield>
    <subfield code="a">Kitāb al-mabsūt li-Shams al-Dīn al-Sarakhsī :</subfield>
    <subfield code="b">al-muḥtawī ʻalá kutub ẓahir al-riwāyah li-al-Imām Muḥammad ibn al-Ḥasan al-Shaybānī ʻan al-imām al-aʻẓam Abī Ḥanīfah /</subfield>
    <subfield code="c">qad bāshara ḥaḍrat al-‘allāmah al-fāḍil al-jahbadh al-shahīr al-Shaykh Muḥammad Rāḍī al Ḥanafī taṣḥīḥ hadhā al-kitāb bi-musā‘adat jamā‘ah min dhawī al-diqqah min ahl al-‘ilm.</subfield>
  </datafield>
  <datafield tag="246" ind1="3" ind2="0">
    <subfield code="6">880-03</subfield>
    <subfield code="a">al-Mabsūt li-Shams al-Dīn al-Sarakhsī</subfield>
  </datafield>
  <datafield tag="264" ind1=" " ind2="1">
    <subfield code="6">880-04</subfield>
    <subfield code="a">Miṣr :</subfield>
    <subfield code="b">Maṭba‘at al-Sa‘ādah,</subfield>
    <subfield code="c">1324-1331 H., [1906-1913? M.]</subfield>
  </datafield>
  <datafield tag="300" ind1=" " ind2=" ">
    <subfield code="6">880-05</subfield>
    <subfield code="a">15 volumes ;</subfield>
    <subfield code="c">28 cm</subfield>
  </datafield>
  <datafield tag="336" ind1=" " ind2=" ">
    <subfield code="a">text</subfield>
    <subfield code="b">txt</subfield>
    <subfield code="2">rdacontent</subfield>
  </datafield>
  <datafield tag="337" ind1=" " ind2=" ">
    <subfield code="a">unmediated</subfield>
    <subfield code="b">n</subfield>
    <subfield code="2">rdamedia</subfield>
  </datafield>
  <datafield tag="338" ind1=" " ind2=" ">
    <subfield code="a">volume</subfield>
    <subfield code="b">nc</subfield>
    <subfield code="2">rdacarrier</subfield>
  </datafield>
  <datafield tag="500" ind1=" " ind2=" ">
    <subfield code="a">30 جزء ببليوغرافي في 15 جزء مادي.</subfield>
  </datafield>
  <datafield tag="500" ind1=" " ind2=" ">
    <subfield code="a">الجزء الحادي والثلاثون عبارة عن فهرس وهو متوفر بطبعة أحدث عن دار المعرفة، 1980.</subfield>
  </datafield>
  <datafield tag="500" ind1=" " ind2=" ">
    <subfield code="a">"أول طبعة ظهرت على وجه البسيطة لهذا الكتاب الجليل"--صفحة العنوان.</subfield>
  </datafield>
  <datafield tag="650" ind1=" " ind2="4">
    <subfield code="a">الفقه الاسلامي</subfield>
    <subfield code="x">تفسير وبنية</subfield>
    <subfield code="v">اعمال قديمة حتى 1800.</subfield>
  </datafield>
  <datafield tag="650" ind1=" " ind2="4">
    <subfield code="a">المذهب الحنفي</subfield>
    <subfield code="v">اعمال قديمة حتى 1800.</subfield>
  </datafield>
  <datafield tag="650" ind1=" " ind2="0">
    <subfield code="a">Islamic law</subfield>
    <subfield code="x">Interpretation and construction</subfield>
    <subfield code="v">Early works to 1800.</subfield>
  </datafield>
  <datafield tag="650" ind1=" " ind2="0">
    <subfield code="a">Hanafites</subfield>
    <subfield code="v">Early works to 1800.</subfield>
  </datafield>
  <datafield tag="700" ind1="1" ind2="2">
    <subfield code="6">880-06</subfield>
    <subfield code="a">Shaybānī, Muḥammad ibn al-Ḥasan,</subfield>
    <subfield code="d">approximately 750-804 or 805.</subfield>
    <subfield code="t">Ẓahir al-riwāyah.</subfield>
  </datafield>
  <datafield tag="700" ind1="1" ind2=" ">
    <subfield code="6">880-07</subfield>
    <subfield code="a">Rāḍī, Muḥammad,</subfield>
    <subfield code="e">corrector.</subfield>
  </datafield>
  <datafield tag="700" ind1="1" ind2=" ">
    <subfield code="6">880-08</subfield>
    <subfield code="i">is catalogue (work):</subfield>
    <subfield code="a">Mays, Khalīl.</subfield>
    <subfield code="t">Fahāris al-mabsūṭ li-Shams al-Dīn al-Sarkhasī</subfield>
    <subfield code="g">Bayrūt, Lubnān : Dār al-Ma‘rīfah lil-Ṭibā‘ah wa-al-Nashr, 1980.</subfield>
  </datafield>
  <datafield tag="852" ind1=" " ind2=" ">
    <subfield code="a">Jafet Library</subfield>
    <subfield code="e">American University of Beirut, Bliss Street , Beirut, Lebanon.</subfield>
  </datafield>
  <datafield tag="880" ind1="1" ind2=" ">
    <subfield code="6">100-01/(3/r</subfield>
    <subfield code="a">السرخسي، محمد بن احمد،</subfield>
    <subfield code="d">اشتهر في القرن 11،</subfield>
    <subfield code="e">مؤلف. </subfield>
    <subfield code="4">aut.</subfield>
  </datafield>
  <datafield tag="880" ind1="1" ind2="0">
    <subfield code="6">245-02/(3/r</subfield>
    <subfield code="a">كتاب المبسوط لشمس الدين السرخسي :</subfield>
    <subfield code="b">المحتوي على كتب ظاهر الرواية للإمام محمد بن الحسن الشيباني عن الإمام الأعظم أبي حنيفة /</subfield>
    <subfield code="c">قد باشر حضرة العلامة الفاضل الجهبذ الشهير الشيخ محمد راضي الحنفي تصحيح هذا الكتاب بمساعدة جماعة من ذوي الدقة من أهل العلم.</subfield>
  </datafield>
  <datafield tag="880" ind1="3" ind2="0">
    <subfield code="6">246-03/(3/r</subfield>
    <subfield code="a">المبسوط لشمس الدين السرخسي</subfield>
  </datafield>
  <datafield tag="880" ind1=" " ind2="1">
    <subfield code="6">264-04/(3/r</subfield>
    <subfield code="a">مصر :</subfield>
    <subfield code="b">مطبعة السعادة،</subfield>
    <subfield code="c">1324-1331 هـ.، [1906-1913؟ م.]</subfield>
  </datafield>
  <datafield tag="880" ind1=" " ind2=" ">
    <subfield code="6">300-05/(3/r</subfield>
    <subfield code="a">16 جزء ؛</subfield>
    <subfield code="c">28 سم</subfield>
  </datafield>
  <datafield tag="880" ind1="1" ind2="2">
    <subfield code="6">700-06/(3/r</subfield>
    <subfield code="a">الشيباني، محمد بن الحسن،</subfield>
    <subfield code="d">حوالى 750-804 او 805.</subfield>
    <subfield code="t">ظاهر الرواية.</subfield>
  </datafield>
  <datafield tag="880" ind1="1" ind2=" ">
    <subfield code="6">700-07/(3/r</subfield>
    <subfield code="a">راضي، محمد،</subfield>
    <subfield code="e">مصحح. </subfield>
    <subfield code="4">crr.</subfield>
  </datafield>
  <datafield tag="880" ind1="1" ind2=" ">
    <subfield code="6">700-08/(3/r</subfield>
    <subfield code="i">مفهرس في (عمل):</subfield>
    <subfield code="a">الميس، خليل.</subfield>
    <subfield code="t">فهارس المبسوط لشمس الدين السرخسي</subfield>
    <subfield code="g">بيروت، لبنان : دار المعرفة للطباعة والنشر، 1980.</subfield>
  </datafield>
  <datafield tag="907" ind1=" " ind2=" ">
    <subfield code="a">.b12480186</subfield>
    <subfield code="b">16-12-12</subfield>
    <subfield code="c">11-05-24</subfield>
  </datafield>
  <datafield tag="907" ind1=" " ind2=" ">
    <subfield code="a">.b12480186</subfield>
    <subfield code="b">11-10-11</subfield>
    <subfield code="c">11-05-24</subfield>
  </datafield>
  <datafield tag="945" ind1=" " ind2=" ">
    <subfield code="f">J</subfield>
    <subfield code="a">349.297:Sa24mA:v.1-2:c.1  </subfield>
    <subfield code="g">1</subfield>
    <subfield code="i">00511238</subfield>
    <subfield code="j">.i12966484</subfield>
    <subfield code="l">u0503</subfield>
  </datafield>
  <datafield tag="945" ind1=" " ind2=" ">
    <subfield code="f">J</subfield>
    <subfield code="a">349.297:Sa24mA:v.3-4:c.1</subfield>
    <subfield code="g">1</subfield>
    <subfield code="i">01025349</subfield>
    <subfield code="j">.i12966496</subfield>
    <subfield code="l">u0503</subfield>
  </datafield>
  <datafield tag="945" ind1=" " ind2=" ">
    <subfield code="f">J</subfield>
    <subfield code="a">349.297:Sa24mA:v.5-6:c.1</subfield>
    <subfield code="g">1</subfield>
    <subfield code="i">01025350</subfield>
    <subfield code="j">.i12966502</subfield>
    <subfield code="l">u0503</subfield>
  </datafield>
  <datafield tag="945" ind1=" " ind2=" ">
    <subfield code="f">J</subfield>
    <subfield code="a">349.297:Sa24mA:v.7-8:c.1</subfield>
    <subfield code="g">1</subfield>
    <subfield code="i">01025351</subfield>
    <subfield code="j">.i12966514</subfield>
    <subfield code="l">u0503</subfield>
  </datafield>
  <datafield tag="945" ind1=" " ind2=" ">
    <subfield code="f">J</subfield>
    <subfield code="a">349.297:Sa24mA:v.9-10:c.1</subfield>
    <subfield code="g">1</subfield>
    <subfield code="i">01025352</subfield>
    <subfield code="j">.i12966526</subfield>
    <subfield code="l">u0503</subfield>
  </datafield>
  <datafield tag="945" ind1=" " ind2=" ">
    <subfield code="f">J</subfield>
    <subfield code="a">349.297:Sa24mA:v.11-12:c.1</subfield>
    <subfield code="g">1</subfield>
    <subfield code="i">01025353</subfield>
    <subfield code="j">.i12966538</subfield>
    <subfield code="l">u0503</subfield>
  </datafield>
  <datafield tag="945" ind1=" " ind2=" ">
    <subfield code="f">J</subfield>
    <subfield code="a">349.297:Sa24mA:v.13-14:c.1</subfield>
    <subfield code="g">1</subfield>
    <subfield code="i">01025354</subfield>
    <subfield code="j">.i1296654x</subfield>
    <subfield code="l">u0503</subfield>
  </datafield>
  <datafield tag="945" ind1=" " ind2=" ">
    <subfield code="f">J</subfield>
    <subfield code="a">349.297:Sa24mA:v.15-16:c.1</subfield>
    <subfield code="g">1</subfield>
    <subfield code="i">01025355</subfield>
    <subfield code="j">.i12966551</subfield>
    <subfield code="l">u0503</subfield>
  </datafield>
  <datafield tag="945" ind1=" " ind2=" ">
    <subfield code="f">J</subfield>
    <subfield code="a">349.297:Sa24mA:v.17-18:c.1</subfield>
    <subfield code="g">1</subfield>
    <subfield code="i">01025356</subfield>
    <subfield code="j">.i12966563</subfield>
    <subfield code="l">u0503</subfield>
  </datafield>
  <datafield tag="945" ind1=" " ind2=" ">
    <subfield code="f">J</subfield>
    <subfield code="a">349.297:Sa24mA:v.19-20:c.1</subfield>
    <subfield code="g">1</subfield>
    <subfield code="i">01025357</subfield>
    <subfield code="j">.i12966575</subfield>
    <subfield code="l">u0503</subfield>
  </datafield>
  <datafield tag="945" ind1=" " ind2=" ">
    <subfield code="f">J</subfield>
    <subfield code="a">349.297:Sa24mA:v.21-22:c.1</subfield>
    <subfield code="g">1</subfield>
    <subfield code="i">01025358</subfield>
    <subfield code="j">.i12966587</subfield>
    <subfield code="l">u0503</subfield>
  </datafield>
  <datafield tag="945" ind1=" " ind2=" ">
    <subfield code="f">J</subfield>
    <subfield code="a">349.297:Sa24mA:v.23-24:c.1</subfield>
    <subfield code="g">1</subfield>
    <subfield code="i">01025359</subfield>
    <subfield code="j">.i12966599</subfield>
    <subfield code="l">u0503</subfield>
  </datafield>
  <datafield tag="945" ind1=" " ind2=" ">
    <subfield code="f">J</subfield>
    <subfield code="a">349.297:Sa24mA:v.25-26:c.1</subfield>
    <subfield code="g">1</subfield>
    <subfield code="i">01025360</subfield>
    <subfield code="j">.i12966605</subfield>
    <subfield code="l">u0503</subfield>
  </datafield>
  <datafield tag="945" ind1=" " ind2=" ">
    <subfield code="f">J</subfield>
    <subfield code="a">349.297:Sa24mA:v.27-28:c.1</subfield>
    <subfield code="g">1</subfield>
    <subfield code="i">01025361</subfield>
    <subfield code="j">.i12966617</subfield>
    <subfield code="l">u0503</subfield>
  </datafield>
  <datafield tag="945" ind1=" " ind2=" ">
    <subfield code="f">J</subfield>
    <subfield code="a">349.297:Sa24mA:v.29-30:c.1</subfield>
    <subfield code="g">1</subfield>
    <subfield code="i">01025362</subfield>
    <subfield code="j">.i12966629</subfield>
    <subfield code="l">u0503</subfield>
  </datafield>
  <datafield tag="998" ind1=" " ind2=" ">
    <subfield code="a">u05</subfield>
    <subfield code="b">97-06-07</subfield>
    <subfield code="c">m</subfield>
    <subfield code="d">a</subfield>
    <subfield code="e">-</subfield>
    <subfield code="f">ara</subfield>
    <subfield code="g">ua </subfield>
    <subfield code="h">0</subfield>
    <subfield code="i">15</subfield>
  </datafield>
</record>
</collection>
